@book{koller2009probabilistic,
  title={Probabilistic graphical models: principles and techniques},
  author={Koller, Daphne and Friedman, Nir},
  year={2009},
  publisher={MIT press}
}

@article{sutton2010introduction,
  title={An introduction to conditional random fields},
  author={Sutton, Charles and McCallum, Andrew},
  journal={arXiv preprint arXiv:1011.4088},
  year={2010}
}

@article{sutton2007dynamic,
  title={Dynamic conditional random fields: Factorized probabilistic models for labeling and segmenting sequence data},
  author={Sutton, Charles and McCallum, Andrew and Rohanimanesh, Khashayar},
  journal={The Journal of Machine Learning Research},
  volume={8},
  pages={693--723},
  year={2007},
  publisher={JMLR. org}
}

@article{sarawagi2008information,
  title={Information extraction},
  author={Sarawagi, Sunita},
  journal={Foundations and trends in databases},
  volume={1},
  number={3},
  pages={261--377},
  year={2008},
  publisher={Now Publishers Inc.}
}

@inproceedings{marinai2009metadata,
  title={Metadata extraction from PDF papers for digital library ingest},
  author={Marinai, Simone},
  booktitle={Document Analysis and Recognition, 2009. ICDAR'09. 10th International Conference on},
  pages={251--255},
  year={2009},
  organization={IEEE}
}

@article{meystre2008extracting,
  title={Extracting information from textual documents in the electronic health record: a review of recent research},
  author={Meystre, St{\'e}phane M and Savova, Guergana K and Kipper-Schuler, Karin C and Hurdle, John F and others},
  journal={Yearb Med Inform},
  volume={35},
  pages={128--44},
  year={2008}
}

@phdthesis{boldyrev2013dictionary,
  title={Dictionary-Based Named Entity Recognition.‚Äù},
  author={Boldyrev, Artem and Weikum, Gerhard and Theobald, Martin},
  year={2013},
  school={Universit{\"a}t des Saarlandes Saarbr{\"u}cken}
}

@article{nadeau2007survey,
  title={A survey of named entity recognition and classification},
  author={Nadeau, David and Sekine, Satoshi},
  journal={Lingvisticae Investigationes},
  volume={30},
  number={1},
  pages={3--26},
  year={2007},
  publisher={John Benjamins publishing company}
}

@article{mooney2005mining,
  title={Mining knowledge from text using information extraction},
  author={Mooney, Raymond J and Bunescu, Razvan},
  journal={ACM SIGKDD explorations newsletter},
  volume={7},
  number={1},
  pages={3--10},
  year={2005},
  publisher={ACM}
}

@article{cuong2014conditional,
  title={Conditional random field with high-order dependencies for sequence labeling and segmentation},
  author={Cuong, Nguyen Viet and Ye, Nan and Lee, Wee Sun and Chieu, Hai Leong},
  journal={The Journal of Machine Learning Research},
  volume={15},
  number={1},
  pages={981--1009},
  year={2014},
  publisher={JMLR. org}
}

@article{wainwright2008graphical,
  title={Graphical models, exponential families, and variational inference},
  author={Wainwright, Martin J and Jordan, Michael I},
  journal={Foundations and Trends{\textregistered} in Machine Learning},
  volume={1},
  number={1-2},
  pages={1--305},
  year={2008},
  publisher={Now Publishers Inc.}
}

@inproceedings{ohta2014empirical,
  title={Empirical evaluation of CRF-based bibliography extraction from reference strings},
  author={Ohta, Masaya and Arauchi, Daiki and Takasu, Atsuhiro and Adachi, Jun},
  booktitle={Document Analysis Systems (DAS), 2014 11th IAPR International Workshop on},
  pages={287--292},
  year={2014},
  organization={IEEE}
}

@incollection{romanello2013creating,
  title={Creating an annotated corpus for extracting canonical citations from classics-related texts by using active annotation},
  author={Romanello, Matteo},
  booktitle={Computational Linguistics and Intelligent Text Processing},
  pages={60--76},
  year={2013},
  publisher={Springer}
}

@article{houngbo2012method,
  title={Method mention extraction from scientific research papers},
  author={Houngbo, Hospice and Mercer, Robert E},
  year={2012},
  publisher={Citeseer}
}

@article{khusro2014methods,
  title={On methods and tools of table detection, extraction and annotation in PDF documents},
  author={Khusro, Shah and Latif, Asima and Ullah, Irfan},
  journal={Journal of Information Science},
  pages={0165551514551903},
  year={2014},
  publisher={SAGE Publications}
}

@article{groza2012reference,
  title={Reference Information Extraction and Processing Using Random Conditional Fields},
  author={Groza, Tudor and Grimnes, AAstrand and Handschuh, Siegfried},
  journal={Information Technology and Libraries},
  volume={31},
  number={2},
  pages={6--20},
  year={2012}
}

@article{ramakrishnan2012layout,
  title={Layout-aware text extraction from full-text PDF of scientific articles.},
  author={Ramakrishnan, Cartic and Patnia, Abhishek and Hovy, Eduard H and Burns, Gully APC and others},
  journal={Source code for biology and medicine},
  volume={7},
  number={1},
  pages={7},
  year={2012}
}

@inproceedings{di2014describing,
  title={Describing bibliographic references in RDF},
  author={Di Iorio, Angelo and Nuzzolese, Andrea Giovanni and Peroni, Silvio and Shotton, David and Vitali, Fabio},
  booktitle={Proceedings of 4th Workshop on Semantic Publishing (SePublica 2014). http://ceur-ws. org},
  volume={1155},
  year={2014}
}

@inproceedings{takasu2003bibliographic,
  title={Bibliographic attribute extraction from erroneous references based on a statistical model},
  author={Takasu, Atsuhiro},
  booktitle={Digital Libraries, 2003. Proceedings. 2003 Joint Conference on},
  pages={49--60},
  year={2003},
  organization={IEEE}
}

@inproceedings{powley2007evidence,
  title={Evidence-based information extraction for high accuracy citation and author name identification},
  author={Powley, Brett and Dale, Robert},
  booktitle={Large Scale Semantic Access to Content (Text, Image, Video, and Sound)},
  pages={618--632},
  year={2007},
  organization={LE CENTRE DE HAUTES ETUDES INTERNATIONALES D'INFORMATIQUE DOCUMENTAIRE}
}

@inproceedings{powley2007high,
  title={High accuracy citation extraction and named entity recognition for a heterogeneous corpus of academic papers},
  author={Powley, Brett and Dale, Robert},
  booktitle={Natural Language Processing and Knowledge Engineering, 2007. NLP-KE 2007. International Conference on},
  pages={119--124},
  year={2007},
  organization={IEEE}
}

@inproceedings{dejean2005structuring,
  title={Structuring documents according to their table of contents},
  author={D{\'e}jean, Herv{\'e} and Meunier, Jean-Luc},
  booktitle={Proceedings of the 2005 ACM symposium on Document engineering},
  pages={2--9},
  year={2005},
  organization={ACM}
}

@inproceedings{mandal2006detection,
  title={Detection and segmentation of table of contents and index pages from document images},
  author={Mandal, Sekhar and Chowdhury, SP and Das, Amit K and Chanda, Bhabatosh},
  booktitle={Document Image Analysis for Libraries, 2006. DIAL'06. Second International Conference on},
  pages={12--pp},
  year={2006},
  organization={IEEE}
}

@article{peng2004accurate,
  title={Accurate Information Extraction from Research Papers using Conditional Random Fields},
  author={Peng, Fuchun and McCallum, Andrew},
  year={2004}
}

@inproceedings{councill2008parscit,
  title={ParsCit: an Open-source CRF Reference String Parsing Package.},
  author={Councill, Isaac G and Giles, C Lee and Kan, Min-Yen},
  booktitle={LREC},
  year={2008}
}
